<?xml version='1.0' encoding='utf-8'?>
<Document xmlns="urn:iso:std:iso:20022:tech:xsd:pain.001.001.03"><CstmrCdtTrfInitn><GrpHdr><MsgId>a4b31c55-d318-4137-8ec6-cb83900ed2fe</MsgId><CreDtTm>2025-05-11T04:17:06Z</CreDtTm><NbOfTxs>1</NbOfTxs><CtrlSum>100</CtrlSum><InitgPty><Nm>Claudia Klar</Nm></InitgPty></GrpHdr><PmtInf><PmtInfId>a4b31c55-d318-4137-8ec6-cb83900ed2fe</PmtInfId><PmtMtd>TRF</PmtMtd><BtchBookg>false</BtchBookg><NbOfTxs>1</NbOfTxs><CtrlSum>100</CtrlSum><PmtTpInf><SvcLvl><Cd>SEPA</Cd></SvcLvl></PmtTpInf><Dbtr><Nm>Claudia Klar</Nm><PstlAdr><StrtNm>Große Bockenheimer Straße 19</StrtNm><TwnNm>60311 Frankfurt</TwnNm><Ctry>DE</Ctry></PstlAdr></Dbtr><DbtrAcct><Id><IBAN>DE00500700100200040224</IBAN></Id></DbtrAcct><CdtTrfTxInf><PmtId><EndToEndId>E2Eddd99c4088e109b15c06ce5203038479</EndToEndId><InstrId>9c94997e9b880b91f9f13d1b4b447edf523</InstrId></PmtId><Amt><InstdAmt Ccy="EUR">100</InstdAmt></Amt><Cdtr><Nm>Tom Winter</Nm><PstlAdr><StrtNm>Augsburger Strasse 14a</StrtNm><TwnNm>80337 München</TwnNm><Ctry>DE</Ctry></PstlAdr></Cdtr><CdtrAcct><Id><IBAN>DE00500700100200043574</IBAN></Id></CdtrAcct><CdtrAgt><FinInstnId><BIC>DEUTDEFFXXX</BIC></FinInstnId></CdtrAgt><RmtInf><Ustrd>Payment to suppliers</Ustrd></RmtInf></CdtTrfTxInf></PmtInf></CstmrCdtTrfInitn></Document>