<?xml version='1.0' encoding='utf-8'?>
<Document xmlns="urn:iso:std:iso:20022:tech:xsd:pain.001.001.03"><CstmrCdtTrfInitn><GrpHdr><MsgId>3c2ed42a-70c3-48f7-ad79-347e4f768d27</MsgId><CreDtTm>2025-05-13T23:38:25Z</CreDtTm><NbOfTxs>1</NbOfTxs><CtrlSum>10</CtrlSum><InitgPty><Nm>Claudia Klar</Nm></InitgPty></GrpHdr><PmtInf><PmtInfId>3c2ed42a-70c3-48f7-ad79-347e4f768d27</PmtInfId><PmtMtd>TRF</PmtMtd><BtchBookg>false</BtchBookg><NbOfTxs>1</NbOfTxs><CtrlSum>10</CtrlSum><PmtTpInf><SvcLvl><Cd>SEPA</Cd></SvcLvl></PmtTpInf><Dbtr><Nm>Claudia Klar</Nm><PstlAdr><StrtNm>Große Bockenheimer Straße 19</StrtNm><TwnNm>60311 Frankfurt</TwnNm><Ctry>DE</Ctry></PstlAdr></Dbtr><DbtrAcct><Id><IBAN>DE00500700100200040224</IBAN></Id></DbtrAcct><CdtTrfTxInf><PmtId><EndToEndId>E2Efcc4f97d313818effade28343ef1b0a0</EndToEndId><InstrId>f110f36dec1c9e2818d3a9787b216d7bb06</InstrId></PmtId><Amt><InstdAmt Ccy="EUR">10</InstdAmt></Amt><Cdtr><Nm>Tom Winter</Nm><PstlAdr><StrtNm>Augsburger Strasse 14a</StrtNm><TwnNm>80337 München</TwnNm><Ctry>DE</Ctry></PstlAdr></Cdtr><CdtrAcct><Id><IBAN>DE00500700100200043574</IBAN></Id></CdtrAcct><CdtrAgt><FinInstnId><BIC>DEUTDEFFXXX</BIC></FinInstnId></CdtrAgt><RmtInf><Ustrd>Payment to suppliers</Ustrd></RmtInf></CdtTrfTxInf></PmtInf></CstmrCdtTrfInitn></Document>