<?xml version='1.0' encoding='utf-8'?>
<Document xmlns="urn:iso:std:iso:20022:tech:xsd:pain.001.001.03"><CstmrCdtTrfInitn><GrpHdr><MsgId>b3ff6607-3208-411a-b5e1-e075f5e396c0</MsgId><CreDtTm>2025-05-12T23:25:31Z</CreDtTm><NbOfTxs>1</NbOfTxs><CtrlSum>10</CtrlSum><InitgPty><Nm>Claudia Klar</Nm></InitgPty></GrpHdr><PmtInf><PmtInfId>b3ff6607-3208-411a-b5e1-e075f5e396c0</PmtInfId><PmtMtd>TRF</PmtMtd><BtchBookg>false</BtchBookg><NbOfTxs>1</NbOfTxs><CtrlSum>10</CtrlSum><PmtTpInf><SvcLvl><Cd>SEPA</Cd></SvcLvl></PmtTpInf><Dbtr><Nm>Claudia Klar</Nm><PstlAdr><StrtNm>Große Bockenheimer Straße 19</StrtNm><TwnNm>60311 Frankfurt</TwnNm><Ctry>DE</Ctry></PstlAdr></Dbtr><DbtrAcct><Id><IBAN>DE00500700100200040224</IBAN></Id></DbtrAcct><CdtTrfTxInf><PmtId><EndToEndId>E2E677bcb627a4d98c6e49044d1e4387e53</EndToEndId><InstrId>827fdd4a1340739c37a0e6656ea6f90f6aa</InstrId></PmtId><Amt><InstdAmt Ccy="EUR">10</InstdAmt></Amt><Cdtr><Nm>Tom Winter</Nm><PstlAdr><StrtNm>Augsburger Strasse 14a</StrtNm><TwnNm>80337 München</TwnNm><Ctry>DE</Ctry></PstlAdr></Cdtr><CdtrAcct><Id><IBAN>DE00500700100200043574</IBAN></Id></CdtrAcct><CdtrAgt><FinInstnId><BIC>DEUTDEFFXXX</BIC></FinInstnId></CdtrAgt><RmtInf><Ustrd>Payment to suppliers</Ustrd></RmtInf></CdtTrfTxInf></PmtInf></CstmrCdtTrfInitn></Document>