<?xml version='1.0' encoding='utf-8'?>
<Document xmlns="urn:iso:std:iso:20022:tech:xsd:pain.001.001.03"><CstmrCdtTrfInitn><GrpHdr><MsgId>d5170d79-6f5a-43c2-82fc-82eadadf65fb</MsgId><CreDtTm>2025-05-14T01:41:19Z</CreDtTm><NbOfTxs>1</NbOfTxs><CtrlSum>10</CtrlSum><InitgPty><Nm>Claudia Klar</Nm></InitgPty></GrpHdr><PmtInf><PmtInfId>d5170d79-6f5a-43c2-82fc-82eadadf65fb</PmtInfId><PmtMtd>TRF</PmtMtd><BtchBookg>false</BtchBookg><NbOfTxs>1</NbOfTxs><CtrlSum>10</CtrlSum><PmtTpInf><SvcLvl><Cd>SEPA</Cd></SvcLvl></PmtTpInf><Dbtr><Nm>Claudia Klar</Nm><PstlAdr><StrtNm>Große Bockenheimer Straße 19</StrtNm><TwnNm>60311 Frankfurt</TwnNm><Ctry>DE</Ctry></PstlAdr></Dbtr><DbtrAcct><Id><IBAN>DE00500700100200040224</IBAN></Id></DbtrAcct><CdtTrfTxInf><PmtId><EndToEndId>E2Efcc4f97d313818effade28343ef1b0a0</EndToEndId><InstrId>c724587d272412b0e45d67f9e0e2e30885d</InstrId></PmtId><Amt><InstdAmt Ccy="EUR">10</InstdAmt></Amt><Cdtr><Nm>Tom Winter</Nm><PstlAdr><StrtNm>Augsburger Strasse 14a</StrtNm><TwnNm>80337 München</TwnNm><Ctry>DE</Ctry></PstlAdr></Cdtr><CdtrAcct><Id><IBAN>DE00500700100200043574</IBAN></Id></CdtrAcct><CdtrAgt><FinInstnId><BIC>DEUTDEFFXXX</BIC></FinInstnId></CdtrAgt><RmtInf><Ustrd>Payment to suppliers</Ustrd></RmtInf></CdtTrfTxInf></PmtInf></CstmrCdtTrfInitn></Document>